@video{cochran242001,
  entrysubtype = {tvbroadcast},
  title = {24},
  namea = {Cochran, Robert and Surnow, Joel},
  nameatype = {collaborator},
  date = {2001/2014},
  publisher = {20th Century Fox Television},
  location = {USA}
}

@video{griffithBirthNation1915,
  entrysubtype = {film},
  title = {Birth of a {{Nation}}},
  editor = {Griffith, D. W.},
  editortype = {director},
  date = {1915},
  publisher = {Epoch Producing Corporation}
}

@video{favreauIronMan2008,
  entrysubtype = {film},
  title = {Iron {{Man}}},
  editor = {Favreau, Jon},
  editortype = {director},
  date = {2008},
  publisher = {Paramount / Marvel Studios}
}

@book{bleeckerHistoryMariaKittle1797,
  title = {The {{History}} of {{Maria Kittle}}},
  author = {Bleecker, Ann Eliza},
  date = {1797},
  publisher = {Elisha Babcook},
  location = {Hartford}
}

@book{cooperLastMohicansNarrative1826,
  title = {The {{Last}} of the {{Mohicans}}: {{A Narrative}} of 1757},
  shorttitle = {The {{Last}} of the {{Mohicans}}},
  author = {Cooper, James Fenimore},
  date = {1826},
  publisher = {H.C. Carey \& I. Lea},
  location = {Philadelphia}
}

@video{norrisDeltaForceColombian1990,
  entrysubtype = {film},
  title = {Delta {{Force}} 2: {{The Colombian Connection}}},
  shorttitle = {Delta {{Force}} 2},
  editor = {Norris, Aaron},
  editortype = {director},
  date = {1990},
  publisher = {Cannon Films}
}

@book{dixonClansmanAmericanDrama1905,
  title = {The {{Clansman}}: {{An American Drama}}: {{From His Two Famous Novels}}: {{The Leopards Spots}} and the {{Clansman}}: {{Presented}} by the {{Southern Amusement Co}}.},
  shorttitle = {The {{Clansman}}},
  author = {Dixon, Thomas},
  date = {1905},
  publisher = {American News},
  location = {New York}
}

@book{dixonClansmanHistoricalRomance1905,
  title = {The {{Clansman}}: {{An Historical Romance}} of the {{Ku Klux Klan}}},
  shorttitle = {The {{Clansman}}},
  author = {Dixon, Thomas},
  date = {1905},
  publisher = {Grosset \& Dunlap},
  location = {New York}
}

@book{ellisSethJonesCaptives1860,
  title = {Seth {{Jones}}: {{Or}}, {{The Captives}} of the {{Frontier}}},
  shorttitle = {Seth {{Jones}}},
  author = {Ellis, Edward Sylvester},
  date = {1860},
  publisher = {{Beadle and Adams}},
  location = {New York}
}

@artwork{gastAmericanProgress1872,
  title = {American {{Progress}}},
  author = {Gast, John},
  date = {1872},
  url = {https://picturinghistory.gc.cuny.edu/john-gast-american-progress-1872/}
}

@video{cameronTrueLies1994,
  entrysubtype = {film},
  title = {True {{Lies}}},
  editor = {Cameron, James},
  editortype = {director},
  date = {1994},
  publisher = {Twentieth Century Fox}
}

@misc{porterCompendiumEleventhCensus1892,
  title = {Compendium of the {{Eleventh Census}}: 1890},
  author = {Porter, Robert P.},
  date = {1892},
  organization = {United States Census Office. 11th Census, 1890}
}

@artwork{vanderlynMurderJaneMcCrea1804,
  title = {The {{Murder}} of {{Jane McCrea}}},
  author = {Vanderlyn, John},
  date = {1804},
  url = {http://www.19thcenturyart-facos.com/artwork/murder-jane-mccrea}
}

@article{ClansmanNotWanted1906,
  entrysubtype = {newspaper},
  title = {'{{The Clansman}}’ {{Not Wanted Here}}},
  date = {1906-09-27},
  journaltitle = {The Atlanta Constitution},
  location = {Atlanta, Georgia}
}

@article{ClansmanStage1905,
  entrysubtype = {newspaper},
  title = {'{{The Clansman}}’ on the {{Stage}}},
  date = {1905-08-13},
  journaltitle = {The Atlanta Constitution},
  location = {Atlanta, Georgia}
}

@article{HissingClansman1905,
  entrysubtype = {newspaper},
  title = {The {{Hissing}} of the ‘{{Clansman}}’},
  date = {1905-10-22},
  journaltitle = {The Atlanta Constitution},
  location = {Atlanta, Georgia}
}

@article{TomDixonTalks1905,
  entrysubtype = {newspaper},
  title = {Tom {{Dixon Talks}} of the {{Clansman}}},
  date = {1905-10-29},
  journaltitle = {The Atlanta Constitution},
  location = {Atlanta, Georgia}
}

@article{GeneraloCoxCandidate1865,
  entrysubtype = {newspaper},
  title = {Generalo {{Cox}}, Candidate of the {{Republican}} Party for {{Governor}} of {{Ohio}}, in Reply to a Committee, Writes a Striking Letter about the Problem of the Black Race},
  date = {1865-08-04},
  journaltitle = {Daily National Intelligencer},
  location = {Washington, DC}
}

@article{InsultsOutragesWomen1868,
  entrysubtype = {newspaper},
  title = {Insults and {{Outrages}} upon the {{Women}} of the {{South}}},
  date = {1868-10-06},
  journaltitle = {Daily National Intelligencer},
  location = {Washington, DC}
}

@article{NegroDevelopedRadical1868,
  entrysubtype = {newspaper},
  title = {The {{Negro}} as {{Developed}} by {{Radical Policy}}},
  date = {1868-09-26},
  journaltitle = {Daily National Intelligencer},
  location = {Washington, DC}
}

@article{WesternScenery1819,
  entrysubtype = {newspaper},
  title = {Western {{Scenery}}},
  date = {1819-03-08},
  journaltitle = {Daily National Intelligencer},
  location = {Washington, DC}
}

@article{BeadleDimeNovels1860,
  entrysubtype = {newspaper},
  title = {Beadle's {{Dime Novels}}},
  date = {1860-12-08},
  journaltitle = {Frank Leslie's Illustrated Newspaper},
  location = {New York, New York}
}

@article{BurningNegroMurderer1853,
  entrysubtype = {newspaper},
  title = {Burning a {{Negro Murderer}}},
  date = {1853-08-03},
  journaltitle = {The Daily Scioto Gazette},
  location = {Chillicothe, Ohio}
}

@article{DimeNovels1884,
  entrysubtype = {newspaper},
  title = {Dime {{Novels}}},
  date = {1884-04-26},
  journaltitle = {The Wisconsin State Register},
  location = {Portage, Wisconsin}
}

@article{Literary1863,
  entrysubtype = {newspaper},
  title = {Literary},
  date = {1863-12-07},
  journaltitle = {The Daily Cleveland Herald},
  location = {Cleveland, Ohio}
}

@book{berkholderWhiteManIndian1978,
  title = {The {{White Man}}’s {{Indian}}},
  author = {Berkholder, Robert F.},
  date = {1978},
  publisher = {Alfred A. Knoff, Inc.},
  location = {New York}
}

@book{dunbar-ortizIndigenousPeoplesHistory2015,
  title = {An {{Indigenous Peoples History}} of the {{United States}}},
  author = {Dunbar-Ortiz, Roxanne},
  date = {2015},
  publisher = {Beacon Press},
  location = {Boston}
}

@incollection{angeladavisRapeRacismMyth1981,
  title = {Rape, {{Racism}}, and the {{Myth}} of the {{Black Rapist}}},
  booktitle = {Women, {{Race}} \& {{Class}}},
  author = {{Angela Davis}},
  date = {1981},
  publisher = {Vintage Books},
  location = {New York}
}

@book{godshalkVeiledVisions19062005,
  title = {Veiled {{Visions}} the 1906 {{Atlanta Race Riot}} and the {{Reshaping}} of {{American Race Relations}}},
  shorttitle = {Veiled {{Visions}}},
  author = {Godshalk, David Fort},
  date = {2005},
  publisher = {University of North Carolina Press},
  location = {Chapel Hill}
}

@book{heymannGriffithBirthNation2008,
  title = {D. {{W}}. {{Griffith}}'s the {{Birth}} of a {{Nation}}: {{A History}} of the {{Most Controversial Motion Picture}} of {{All Time}}},
  author = {Heymann, Philip B. and Stokes, Melvyn},
  date = {2008},
  publisher = {Oxford University Press USA - OSO},
  location = {Cary}
}

@article{lennardOldPurposeNew2015,
  title = {Old {{Purpose}}, “{{New Body}}”: {{The Birth}} of a {{Nation}} and {{The Revival Of The Ku Klux Klan}}.},
  author = {Lennard, Katherine},
  date = {2015},
  journaltitle = {The Journal of the Gilded Age and Progressive Era},
  volume = {14},
  number = {04},
  pages = {616--620}
}

@book{macdonaldShapeshiftingImagesNative2000,
  title = {Shape-Shifting: {{Images}} of {{Native Americans}} in {{Recent Popular Fiction}}},
  shorttitle = {Shape-Shifting},
  author = {Macdonald, Andrew and Macdonald, Gina and Sheridan, MaryAnn},
  date = {2000},
  publisher = {Greenwood Press},
  location = {Westport, CT}
}

@book{nelsonNationalManhoodCapitalist1998,
  title = {National {{Manhood}}: {{Capitalist Citizenship}} and the {{Imagined Fraternity}} of {{White Men}}},
  shorttitle = {National {{Manhood}}},
  author = {Nelson, Dana D.},
  date = {1998},
  publisher = {Duke University Press},
  location = {Durham}
}

@article{parsonsKlanSkepticismDenial2011,
  title = {Klan {{Skepticism}} and {{Denial}} in {{Reconstruction-Era Public Discourse}}},
  author = {Parsons, Elaine Frantz},
  date = {2011-02},
  journaltitle = {Journal of Southern History},
  volume = {77},
  number = {1},
  pages = {53--90}
}

@online{pilgrimCoonCaricatureAntiblack2000,
  title = {The {{Coon Caricature}} - {{Anti-black Imagery}} - {{Jim Crow Museum}}},
  author = {Pilgrim, David},
  date = {2000-10},
  url = {https://www.ferris.edu/jimcrow/coon/},
  organization = {Ferris State University},
  file = {C:\Users\lookc\Zotero\storage\8YUDZ7PC\coon.html}
}

@book{richardsonBlackMasculinitySouth2007,
  title = {Black {{Masculinity}} and the {{U}}.{{S}}. {{South}}: {{From Uncle Tom}} to {{Gangsta}}},
  shorttitle = {Black {{Masculinity}} and the {{U}}.{{S}}. {{South}}},
  author = {Richardson, Riché},
  date = {2007},
  publisher = {University of Georgia Press},
  location = {Athens}
}

@article{richardsonAmericanJimCrow2018,
  title = {As {{American}} as {{Jim Crow}}},
  author = {Richardson, Sarah},
  date = {2018-04},
  journaltitle = {American History},
  volume = {53},
  number = {1},
  pages = {52--59}
}

@article{urwandBlackImageWhite2018,
  title = {The {{Black Image}} on the {{White Screen}}: {{Representations}} of {{African Americans}} from the {{Origins}} of {{Cinema}} to {{The Birth}} of a {{Nation}}},
  shorttitle = {The {{Black Image}} on the {{White Screen}}},
  author = {Urwand, Ben},
  date = {2018},
  journaltitle = {Journal of American Studies},
  volume = {52},
  number = {1},
  pages = {45--64}
}

@article{wingoForgottenEraRace2017,
  title = {The ‘{{Forgotten Era}}’: {{Race}} and {{Gender}} in {{Ann Stephens}}’s {{Dime Novel Frontier}}},
  shorttitle = {The ‘{{Forgotten Era}}’},
  author = {Wingo, Rebecca S.},
  date = {2017},
  journaltitle = {Frontiers: A Journal of Women Studies},
  volume = {38},
  number = {3},
  pages = {121--140}
}

@article{youngLogicMasculinistProtection2003,
  title = {The {{Logic}} of {{Masculinist Protection}}: {{Reflections}} on the {{Current Security State}}},
  shorttitle = {The {{Logic}} of {{Masculinist Protection}}},
  author = {Young, Iris Marion},
  date = {2003-23},
  journaltitle = {Signs},
  volume = {29},
  number = {1},
  pages = {1--25}
}
