@book{apessIndianNullificationUnconstitutional1835,
  title = {Indian {{Nullification}} of the {{Unconstitutional Laws}} of {{Massachusetts}}, {{Relative}} to the {{Marshpee Tribe}}: Or, the {{Pretended Riot Explained}}},
  shorttitle = {Indian {{Nullification}}},
  author = {Apess, William},
  date = {1835},
  publisher = {Press of Jonathan Howe},
  location = {Boston}
}

@misc{boudinotAddressWhites1826,
  title = {An {{Address}} to the {{Whites}}},
  author = {Boudinot, Elias},
  date = {1826-05-26},
  organization = {Speech delivered at First Presbyterian Church}
}

@misc{boudinotCherokeePhoenix1828,
  title = {Cherokee {{Phoenix}}},
  editor = {Boudinot, Elias},
  date = {1828-02-21/1832-08-01},
  organization = {New Echota},
  annotation = {“Prospectus,” October 1827, printed in the second issue, February 28, 1828.}
}

@jurisdiction{WorcesterGeorgia1832,
  title = {Worcester v. {{Georgia}}},
  date = {1832-01-30},
  institution = {Records of the Supreme Court of the United States, 1772-2007, Appellate Jurisdiction Case Files, 1792-2014},
  url = {https://catalog.archives.gov/id/38995510}
}

@misc{CherokeePetitionProtest1835,
  title = {Cherokee {{Petition}} in {{Protest}} of the {{New Echota Treaty}}},
  date = {1835},
  organization = {Records of the U.S. Senate, 1789-2015, Records Relating to Treaties with Indian Tribes, 1789-1871}
}

@book{gabrielEliasBoudinotCherokee1941,
  title = {Elias {{Boudinot}}, {{Cherokee}} and {{His America}}},
  author = {Gabriel, Ralph Henry},
  date = {1941},
  publisher = {University of Oklahoma Press},
  location = {Norman}
}

@misc{CherokeeTreatyNew1835,
  title = {Cherokee {{Treaty}} at {{New Echota}}, {{Georgia}}, {{December}} 29, 1835 ({{Ratified Indian Treaty}})},
  date = {1835-12-29},
  url = {https://catalog.archives.gov/id/299801},
  organization = {General Records of the United States Government, 1778-2006, Indian Treaties, 1722-1869}
}

@book{gaulMarryIndianMarriage2005,
  title = {To {{Marry}} an {{Indian}}: {{The Marriage}} of {{Harriet Gold}} and {{Elias Boudinot}}},
  editor = {Gaul, Theresa Strouth},
  date = {2005},
  publisher = {University of North Carolina Press},
  location = {Chapel Hill}
}

@letter{hardinWilliamHardinGovernor1833,
  type = {Letter},
  title = {William {{Hardin}} to {{Governor Wilson Lumpkin}}, {{April}} 13, 1833},
  author = {Hardin, William},
  date = {1833-04-13}
}

@misc{MembersForeignMission1820,
  title = {Members of the {{Foreign Mission School}}},
  date = {1820-01},
  organization = {Digital photocopy}
}

@online{NewEchotaState,
  title = {New {{Echota State Historic Site}}},
  url = {http://gastateparks.org/NewEchota},
  urldate = {2018-03-04},
  organization = {State Parks \& Historic Sites}
}

@book{perdueCherokeeEditorWritings1983,
  title = {Cherokee {{Editor}}: {{The Writings}} of {{Elias Boudinot}}},
  editor = {Perdue, Theda},
  date = {1983},
  publisher = {University of Tennessee Press},
  location = {Nashville}
}

@letter{JohnRossElias,
  type = {Letter},
  title = {John {{Ross}} to {{Elias Boudinot}}, {{May}} 17, 1832 and {{John Ross}} to the {{General Council}}, {{August}} 4, 1832}
}

@article{schererNowLetHim1996,
  title = {‘{{Now Let Him Enforce It}}’ {{Exploring}} the {{Myth}} of {{Andrew Jackson}}’s {{Response}} to {{Worcester}} v. {{Georgia}} (1832)},
  author = {Scherer, Mark R},
  date = {1996},
  journaltitle = {The Chronicles of Oklahoma},
  volume = {74},
  number = {1}
}

@article{walkerEarlyHistoryCherokee1993,
  title = {The {{Early History}} of the {{Cherokee Syllabary}}},
  author = {Walker, Willard and Sarbaugh, James},
  date = {1993},
  journaltitle = {Ethnohistory},
  volume = {40},
  number = {1}
}

@article{williamsGamblingAwayInheritance1989,
  title = {Gambling {{Away}} the {{Inheritance}}: {{The Cherokee Nation}} and {{Georgia}}'s {{Gold}} and {{Land Lotteries}} of 1832-33},
  author = {Williams, H. David},
  date = {1989},
  journaltitle = {The Georgia Historical Quarterly},
  volume = {73},
  issue = {3, Special Issue Commemorating the Sesquicentennial of Cherokee Removal 1838-1839}
}

@article{boudinotMissionaryHerald1821,
  entrysubtype = {newspaper},
  title = {Missionary {{Herald}}},
  author = {Boudinot, Elias},
  date = {1821-01-08},
  journaltitle = {Religious Intelligencer}
}

@letter{vaillHermanVaillHarriet1825,
  type = {Letter},
  title = {Herman {{Vaill}} to {{Harriet Gold}}, {{June}} 29, 1825},
  author = {Vaill, Herman},
  date = {1825-06-29}
}
