@video{carrascoOtraConquista1998,
  entrysubtype = {film},
  title = {La {{Otra Conquista}}},
  editor = {Carrasco, Salvador},
  editortype = {director},
  date = {1998},
  publisher = {20th Century Studios}
}
