@article{beckettUsesAbusesPolice2016,
  title = {The {{Uses}} and {{Abuses}} of {{Police Discretion}}: {{Toward Harm Reduction Policing}}},
  shorttitle = {The {{Uses}} and {{Abuses}} of {{Police Discretion}}},
  author = {Beckett, Katherine},
  date = {2016-01},
  journaltitle = {Harvard Law \& Policy Review},
  volume = {10},
  number = {1},
  pages = {77--100},
  publisher = {{Harvard Law School Journals}},
  issn = {19352077},
  url = {https://search.ebscohost.com/login.aspx?direct=true&AuthType=ip,shib&db=a9h&AN=114481030&site=ehost-live&scope=site&custid=gsu1},
  urldate = {2023-02-11},
  abstract = {An essay is presented on the uses and abuses of police discretion. Topics include an overview of the history and evolution of police discretion from the 1960s to at present, explanation on how the exercise of police discretion has been impacted in recent decades by the war on drugs and the adoption of "broken windows policing' and municipalities to be well-advised to implement alternatives to the war on drugs and broken windows policing.},
  keywords = {ABUSE of administrative power,ADMINISTRATIVE discretion (Law),DRUGS,MUNICIPAL government,POLICE discretion},
  file = {C\:\\Users\\lookc\\Zotero\\storage\\Y6IQ35BP\\Beckett - 2016 - The Uses and Abuses of Police Discretion Toward H.pdf}
}

@online{lindabStudiesShowThat2017,
  title = {Studies {{Show That Women Who Own Horses Live}} 15 {{Years Longer Than Those Who Don}}’t – {{Soulful Prairies}}},
  author = {{lindab}},
  date = {2017-07-19},
  url = {https://soulfulprairies.com/studies-show-women-horses-live-15-years-longer-dont/},
  urldate = {2023-02-11},
  langid = {american},
  file = {C\:\\Users\\lookc\\Zotero\\storage\\YMUPSUHT\\studies-show-women-horses-live-15-years-longer-dont.html}
}

@report{subramanianShadowsReviewResearch2020,
  title = {In the {{Shadows}}: {{A Review}} of the {{Research}} on {{Plea Bargaining}}},
  author = {Subramanian, Ram and Digard, Léon and Washington II, Melvin and Sorage, Stephanie},
  date = {2020-09},
  institution = {{Vera Institute of Justice}},
  url = {https://www.vera.org/downloads/publications/in-the-shadows-plea-bargaining.pdf},
  langid = {english},
  file = {C\:\\Users\\lookc\\Zotero\\storage\\UDRABLQG\\Subramanian and Digard - In the Shadows A Review of the Research on Plea B.pdf}
}

@report{widraWhatDoesSuccessful2022,
  title = {What Does Successful Bail Reform Look like? {{To}} Start, Look to {{Harris County}}, {{Texas}}.},
  shorttitle = {What Does Successful Bail Reform Look Like?},
  author = {Widra, Emily},
  date = {2022-03-28},
  institution = {{Prison Policy Initiative}},
  url = {https://www.prisonpolicy.org/blog/2022/03/28/harris-county-pretrial-reform-results/},
  urldate = {2023-01-30},
  abstract = {New data supports what advocates have been saying all along: there’s no need to detain so many people pretrial.},
  langid = {english},
  file = {C\:\\Users\\lookc\\Zotero\\storage\\JEZGME2Q\\harris-county-pretrial-reform-results.html}
}
